<?xml version="1.0" encoding="UTF-8"?><collection xmlns="http://www.loc.gov/MARC21/slim"><record><leader>00313nam--2200121-i-4500</leader><controlfield tag="001">000042392</controlfield><controlfield tag="002">20161230</controlfield><controlfield tag="005">20161230201043</controlfield><controlfield tag="008">060222s1000------------r-----000-0-eng-d</controlfield><datafield ind1=" " ind2=" " tag="080"><subfield code="a">629.19(485)</subfield></datafield><datafield ind1=" " ind2=" " tag="245"><subfield code="a">Space research in sweden:1977</subfield></datafield><datafield ind1=" " ind2=" " tag="260"><subfield code="a">Stockholm, Swedish Board For Space Activities, 1979</subfield></datafield><datafield ind1=" " ind2=" " tag="852"><subfield code="a">72518</subfield></datafield></record></collection>